%%
%% This is file `sample.bib',
%% generated with the docstrip utility.
%%
%% The original source files were:
%%
%% ubcthesis.dtx  (with options: `samplebib')
%%
%% This file was generated from the ubcthesis package.
%% --------------------------------------------------------------
%%
%% Copyright (C) 2001
%% Michael McNeil Forbes
%% mforbes AT alum.mit.edu
%%
%% (Note that the AT symbol cannot be used in a comment in a bibtex file,
%% hence the lack of a proper email address above.)
%%
%% This file may be distributed and/or modified under the
%% conditions of the LaTeX Project Public License, either version 1.2
%% of this license or (at your option) any later version.
%% The latest version of this license is in
%%    http://www.latex-project.org/lppl.txt
%% and version 1.2 or later is part of all distributions of LaTeX
%% version 1999/12/01 or later.
%%
%% This program is distributed in the hope that it will be useful,
%% but WITHOUT ANY WARRANTY; without even the implied warranty of
%% MERCHANTABILITY or FITNESS FOR A PARTICULAR PURPOSE.  See the
%% LaTeX Project Public License for more details.
%%
%% This program consists of the files ubcthesis.dtx, ubcthesis.ins, and
%% the sample figures fig.eps and fig.fig.
%%
%% This file may be modified and used as a base for your thesis without
%% including the licence agreement as long as the content (i.e. textual
%% body) of the file is completely rewritten. You must, however, change
%% the name of the file.
%%
%% This file may only be distributed together with a copy of this
%% program. You may, however, distribute this program without generated
%% files such as this one.
%%

\ProvidesFile{sample.bib}[2012/04/07 v1.70 ^^J
University of British Columbia Sample Thesis]
%% These are just some examples of articles and books.  Some of the fields
%% are not needed, for example the abstract and SLACcitation fields.  There
%% are many other types of documents.  The entry CL:2000 poses a problem
%% in the URL field.  I am not sure how to get around this right now.

@Misc{Peslyak:1996,
  author       = {Solar Designer},
  title        = "{John the Ripper, a free, open-source and fast password cracker}",
  howpublished = {http://openwall.com/john},
  year         = 1996,
}

@Misc{ALoR:2001,
  author       = "ALoR and NaGA and Ettercap Development Team",
  title        = "{Ettercap, a free and open source network security tool for man-in-the-middle attacks on LAN}",
  howpublished = "https://github.com/Ettercap/ettercap",
  year         = 2001,
}

@Misc{Fyodor:1997,
  author       = "Gordon Lyon - Fyodor",
  title        = "{Nmap ("Network Mapper") is a free and open source (license) utility for network discovery and security auditing.}",
  howpublished = "http://nmap.org/",
  year         = 1997,
}

@Misc{Moore:2003,
  author       = "HD Moore",
  title        = "{Metasploit Project, provides information about security vulnerabilities and aids in penetration testing.}",
  howpublished = "https://github.com/rapid7/metasploit-framework",
  year         = 2003,
}

@Misc{Schneier:2002,
  author       = "Bruce Schneier",
  title        = "{Password Safe is a free and open source software program for storing passwords.}",
  howpublished = "http://www.schneier.com/passsafe.html",
  year         = 2003,
}

@Misc{Shapiro:2003,
  author       = "Rony Shapiro",
  title        = "{PasswordSafe database format description version 3.29}",
  howpublished = "http://passwordsafe.svn.sourceforge.net/viewvc/passwordsafe/trunk/pwsafe/pwsafe/docs/formatV3.txt",
  year         = 2003,
}

@Misc{Hinegardner:2007,
  author       = "Jeremy Hinegardner",
  title        = "{Password Safe v3 Database Format}",
  howpublished = "http://keybox.rubyforge.org/password-safe-db-format.html",
  year         = 2007,
}

@Misc{Pilhofer:2006,
  author       = "Frank Pilhofer",
  title        = "{Password Gorilla, Information about the new Database Format}",
  howpublished = "http://www.fpx.de/fp/Software/Gorilla/help.html\#V3Format",
  year         = 2006,
}

@Misc{Deslauriers:2011,
  author       = "Marc Deslauriers",
  title        = "{Pasaffe is an easy to use password manager for GNOME.}",
  howpublished = "http://launchpad.net/pasaffe",
  year         = 2011,
}

@Misc{TCF:2004,
  author       = "TrueCrypt Foundation",
  title        = "{TrueCrypt, a open-source freeware application for on-the-fly encryption (OTFE)}",
  howpublished = "http://www.truecrypt.org/docs/?s=keyfiles",
  year         = 2004,
}

@article{kaliski1998pkcs,
  title={PKCS\# 7: Cryptographic Message Syntax Version 1.5},
  author={Kaliski, Burt},
  year={1998}
}

@Misc{Reichl:2003,
  author       = "Dominik Reichl",
  title        = "{Key files in KeePass, a key file is basically a master password in a file.}",
  howpublished = "http://keepass.info/help/base/keys.html\#keyfiles",
  year         = 2003,
}

@Misc{Ehrensvrd:2007,
  author       = "Stina Ehrensvrd",
  title        = "{YubiKey, a second authentication method based on a unique physical token which cannot be duplicated or recorded.}",
  howpublished = "http://www.yubico.com/products/yubikey-hardware/",
  year         = 2007,
}

@Misc{Misc:1999,
  author       = "Misc.",
  title        = "{Apple Keychain (Mac OS)}",
  howpublished = "http://en.wikipedia.org/wiki/Keychain\_%28Mac\_OS%29",
  year         = 1999,
}

@Misc{Apple:2004,
  author       = "Apple",
  title        = "{Apple Keychain BLOBFORMAT}",
  howpublished = "http://www.opensource.apple.com/source/securityd/securityd-55111/doc/BLOBFORMAT",
  year         = 2004,
}

@Misc{Johnston:2004,
  author       = "Matt Johnston",
  title        = "{extractkeychain, Apple Keychain Extractor}",
  howpublished = "https://matt.ucc.asn.au/src/extractkeychain-0.1/",
  year         = 2004,
}

@Misc{Amand:2009,
  author       = "Antonin Amand",
  title        = "{agilekeychain, 1password's agilekeychain format python library.}",
  howpublished = "https://bitbucket.org/gwik/agilekeychain",
  year         = 2009,
}

@Misc{AgileBits:2008,
  author       = "AgileBits",
  title        = "{1Password Agile Keychain design}",
  howpublished = "http://learn.agilebits.com/1Password4/Security/keychain-design.html",
  year         = 2008,
}

@Misc{AgileBits:2012,
  author       = "1Password",
  title        = "{1Password Cloud Keychain design}",
  howpublished = "http://help.agilebits.com/1Password3/agile\_keychain\_design.html",
  year         = 2012,
}

@Misc{Goldberg:2012,
  author       = "Jeffrey Goldberg",
  title        = "{1Password is Ready for John the Ripper}",
  howpublished = "http://blog.agilebits.com/2012/07/31/1password-is-ready-for-john-the-ripper/",
  year         = 2012,
}


@Misc{Vežnaver:2012,
  author       = "Robert Vežnaver",
  title        = "{Forensic analysis of the Mac OS X keychain}",
  howpublished = "https://www.dropbox.com/s/uge4ush72oqrrjq/diplomski.pdf",
  year         = 2012,
}

@article{kaliski2000pkcs:2000,
  title={PKCS\# 5: Password-based cryptography specification version 2.0},
  author={Kaliski, Burt},
  year={2000}
}

@article{housley1999cryptographic:1999,
  title={Cryptographic message syntax},
  author={Housley, Russell},
  year={1999}
}

@Misc{kholia:2012,
  author       = "Dhiru Kholia",
  title        = "{GNOME Keyring cracker}",
  howpublished = "https://github.com/kholia/gkcrack",
  year         = 2012,
}

@Misc{Larsson:2003,
  author       = "Alexander Larsson and Stef Walter",
  title        = "{GNOME Keyring file format}",
  howpublished = "http://fts.ifac.cnr.it/cgi-bin/dwww/usr/share/doc/gnome-keyring/cat.txt",
  year         = 2003,
}

@Misc{Staikos2003,
  author       = "George Staikos",
  title        = "{KDE Wallet Manager}",
  howpublished = "http://utils.kde.org/projects/kwalletmanager/",
  year         = 2003,
}

@Misc{dkholia:2012,
  author       = "Dhiru Kholia",
  title        = "{kwalletcrack, a cracker for KDE Wallet}",
  howpublished = "https://github.com/kholia/kwalletcrack",
  year         = 2012,
}

@misc{reichlkeepass,
  title={Keepass password safe},
  author={Reichl, Dominik},
  howpublished = "http://keepass.info/",
}

@inproceedings{schneier1994description,
  title={Description of a new variable-length key, 64-bit block cipher (Blowfish)},
  author={Schneier, Bruce},
  booktitle={Fast Software Encryption},
  pages={191--204},
  year={1994},
  organization={Springer}
}

@incollection{oechslin2003making,
  title={Making a faster cryptanalytic time-memory trade-off},
  author={Oechslin, Philippe},
  booktitle={Advances in Cryptology-CRYPTO 2003},
  pages={617--630},
  year={2003},
  publisher={Springer}
}

@article{milo2011fast,
  title={A fast, GPU based, dictionary attack to OpenPGP secret keyrings},
  author={Milo, Fabrizio and Bernaschi, Massimo and Bisson, Mauro},
  journal={Journal of Systems and Software},
  volume={84},
  number={12},
  pages={2088--2096},
  year={2011},
  publisher={Elsevier}
}

@article{rivest1992md5,
  title={The MD5 message-digest algorithm},
  author={Rivest, Ronald},
  year={1992}
}

@Misc{Vogt:2007,
  author       = "Michael Vogt (michu)",
  title        = "P-ppk-crack, PuTTY Private-Key cracker",
  howpublished = "http://neophob.com/2007/10/putty-private-key-cracker/",
  year         = 2007,
}

@Misc{Apple:2003,
  author       = "Apple",
  title        = "{FileVault is a method of using encryption with volumes on Mac computers.}",
  howpublished = "http://en.wikipedia.org/wiki/FileVault",
  year         = 2003,
}

@Misc{Appelbauman:2006,
  author       = "Jacob Appelbauman and Ralf-Philipp Weinmann",
  title        = "{VileFault, Unlocking FileVault, An analysis of Apple's disk encryption system}",
  howpublished = "http://code.google.com/p/vilefault/",
  year         = 2006,
}

@Misc{Rangelov:2010,
  author       = "Milen Rangelov",
  title        = "{Hashkill, an open-source password recovery tool}",
  howpublished = "http://www.gat3way.eu/hashkill/",
  year         = 2010,
}

@Misc{Gehring:2010,
  author       = "Jonas Gehring",
  title        = "{pgpry - PGP private key recovery}",
  howpublished = "https://github.com/kholia/pgpry",
  year         = 2010,
}

@Misc{Solaroli:2010,
  author       = "Giulio Cesare Solaroli",
  title        = "{Clipperz, Online vault and password manager that knows nothing about you and your data. Open source and anonymous.}",
  howpublished = "http://www.clipperz.com/ and https://github.com/clipperz",
  year         = 2010,
}

@misc{staikos2003kwallet,
  title={KWallet-The KDE Wallet System},
  author={Staikos, George},
  year={2003},
  publisher={October}
}


@article{hu2010good,
  title={The good, the bad and the ugly of consumer cloud storage},
  author={Hu, Wenjin and Yang, Tao and Matthews, Jeanna N},
  journal={ACM SIGOPS Operating Systems Review},
  volume={44},
  number={3},
  pages={110--115},
  year={2010},
  publisher={ACM}
}

@misc{uncompyle2,
  author = {wibiti, Eloi Vanderbeken, Florian Ledoux and others},
  title = {uncompyle2, A Python 2.7 byte-code decompiler, written in Python 2.7},
  howpublished = "\url{https://github.com/wibiti/uncompyle2.git}",
  year = {2012},
}

@misc{PyPy,
  author = {Armin Rigo and others},
  title = {PyPy, Python interpreter and just-in-time compiler},
  howpublished = "\url{http://pypy.org/}",
  year = {2009},
}

@misc{derek2011,
  author = {Derek Newton},
  title = {Dropbox authentication: insecure by design},
  howpublished = "\url{http://dereknewton.com/2011/04/dropbox-authentication-static-host-ids/}",
  year = {2011},
}

@misc{metasploit,
  author = {Dhiru Kholia},
  title = {Long promised post module for hijacking Dropbox accounts},
  howpublished = "\url{https://github.com/rapid7/metasploit-framework/pull/1497}",
  year = {2013}
}

@misc{passe-partout,
  author = {Nicolas Collignon and Jean-Baptiste Aviat},
  title = {passe-partout, extract SSL private keys from process memory},
  howpublished = "\url{https://github.com/kholia/passe-partout}",
  year = {2011}
}


@misc{ettercap,
  author = {Dhiru Kholia},
  title = {db-lsp-disc dissector to figure out host\_int},
  howpublished = "\url{https://github.com/kholia/ettercap/tree/dropbox}",
  year = {2013}
}

@misc{dropboxdec,
  author = {Hagen Fritsch},
  title = {Dropbox Bytecode Decryption Tool},
  howpublished = "\url{https://github.com/rumpeltux/dropboxdec}",
  year = {2012}
}

@misc{nedbatchelder:2008,
  author = {Ned Batchelder},
  title = {The structure of .pyc files},
  howpublished = "\url{http://nedbatchelder.com/blog/200804/the_structure_of_pyc_files.html}",
  year = {2008}
}

@misc{bbfreeze:2007,
  author = {Ralf Schmitt},
  title = {bbfreeze, create standalone executables from python scripts},
  howpublished = "\url{https://pypi.python.org/pypi/bbfreeze/}",
  year = {2007}
}

@misc{py2exe:2002,
  author = {Jimmy Retzlaff},
  title = {py2exe, distutils extension to build standalone Windows executable programs from Python scripts},
  howpublished = "\url{https://pypi.python.org/pypi/bbfreeze/}",
  year = {2002}
}

@misc{sqlite-dbx:2008,
  author = {sqlite@hwaci.com},
  title = {The SQLite Encryption Extension (SEE)},
  howpublished = "\url{http://www.hwaci.com/sw/sqlite/see.html}",
  year = {2008}
}

@misc{monkey,
  author={Various},
  title = {Monkey patch, modifying the run-time code of dynamic language},
  howpublished = "\url{http://en.wikipedia.org/wiki/Monkey_patch}",
  year = {1972}
}

@misc{dbx-keygen-linux,
  author={Nicolas Ruff and Florian Ledoux},
  title = {Encryption key extractor for Dropbox DBX files},
  howpublished = "\url{https://github.com/newsoft/dbx-keygen-linux.git}",
  year = {2008}
}

@misc{Dropship,
  author = {Wladimir van der Laan},
  title = {dropship - Dropbox API utilities},
  howpublished = "\url{https://github.com/driverdan/dropship}",
  year = {2011}
}

@article{nicolas2012,
  title={A critical analysis of Dropbox software security},
  author={Nicolas Ruff and Florian Ledoux},
  journal={ASFWS 2012, Application Security Forum},
  year={2012},
}

@article{DropboxPyCon11,
  title={How Dropbox Did It and How Python Helped},
  author={Rian Hunter},
  journal={PyCon 2011},
  year={2011}
}

@misc{GIL,
  title={{Global Interpreter Lock}},
  author={Guido van Rossum},
  howpublished = "http://wiki.python.org/moin/GlobalInterpreterLock",
  year={1991}
}

@misc{LDPRELOAD,
  title={{LD\_PRELOAD} - dynamic linker and loader feature},
  author={{GNU}},
  howpublished = "http://man7.org/linux/man-pages/man8/ld.so.8.html",
  year={1987}
}

@article{smith2010,
  title={pyREtic, In Memory Reverse Engineering for Obfuscated Python Bytecode},
  author={Rich Smith},
  journal={BlackHat / Defcon 2010 security conferences},
  year={2010},
}

@misc{fewer2008reflective,
  title={{Reflective DLL injection}},
  author={Fewer, Stephen},
  journal={Harmony Security, Version},
  howpublished="\url{www.harmonysecurity.com/files/HS-P005_ReflectiveDllInjection.pdf}",
  volume={1},
  year={2008}
}

@misc{reflective,
  title={Reflective DLL Injection code},
  author={Fewer, Stephen},
  howpublished = "https://github.com/stephenfewer/ReflectiveDLLInjection",
  year={2008}
}

@article{berdajs2010extending,
  title={Extending applications using an advanced approach to DLL injection and API hooking},
  author={Berdajs, J and Bosni{\'c}, Z},
  journal={Software: Practice and Experience},
  volume={40},
  number={7},
  pages={567--584},
  year={2010},
  publisher={Wiley Online Library}
}

@inproceedings{portnoy2008reverse,
  title={Reverse engineering python applications},
  author={Portnoy, Aaron and Santiago, Ali-Rizvi},
  booktitle={Proceedings of the 2nd conference on USENIX Workshop on offensive technologies},
  pages={6},
  year={2008},
  organization={USENIX Association}
}

@misc{GnomeKeyring,
  title={Gnome Keyring},
  author= {Alexander Larsson and Stef Walter},
  howpublished = "https://live.gnome.org/GnomeKeyring",
  year={2003}
}

@article{zimmerman1994pgp,
  title={Pgp user's guide},
  author={Zimmerman, Phil},
  journal={PGP Version},
  volume={2},
  number={2},
  year={1994}
}

References Kerberos, http://en.wikipedia.org/wiki/Kerberos_%28protocol%29

# XXX inline KeePass's types of keys, http://keepass.info/help/base/keys.html

@Misc{Hinegardner:2007,
  author       = "Jeremy Hinegardner",
  title        = "{KeePassX Database Format}",
  howpublished = "http://keybox.rubyforge.org/keepassx-db-format.html",
  year         = 2007,
}

@Misc{Microsoft:1997,
  author       = "Microsoft (MS)",
  title        = "{Personal Storage Table}",
  howpublished = "http://en.wikipedia.org/wiki/Personal_Storage_Table",
  year         = 1997,
}


References KeePass's protection against dictionary attacks, http://keepass.info/help/base/security.html#secdictprotect

@Misc{Microsoft:1997,
  author       = "Microsoft (MS)",
  title        = "{ZIP file format, AES Encryption Information}",
  howpublished = "http://www.winzip.com/aes_info.htm",
  year         = 1997,
}


References http://www.pkware.com/documents/casestudies/APPNOTE.TXT


References iSCSI, http://en.wikipedia.org/wiki/ISCSI

@article{simpson1996ppp,
  title={PPP challenge handshake authentication protocol (CHAP)},
  author={Simpson, William Allen},
  year={1996}
}

@Misc{Dwivedi2005,
  title={Storage Security},
  author={XXX},
  owpublished = "XXX",
  year={2005}
}

@Misc{Grossman:2012,
  title={Password Cracking AES-256 DMGs and Epic Self-Pwnage},
  author={Jeremiah Grossman},
  owpublished = "http://blog.whitehatsec.com/cracking-aes-256-dmgs-and-epic-self-pwnage",
  year={2012}
}


References LastPass, http://lastpass.com/

References http://media.blackhat.com/bh-eu-12/Belenko/bh-eu-12-Belenko-Password_Encryption-Slides.pdf

References http://www.clipperz.com/users/marco/blog/2007/01/04/interview_tom_wu_inventor_srp_protocol

@inproceedings{wu1998secure,
  title={The secure remote password protocol},
  author={Wu, Thomas and others},
  booktitle={Internet Society Symposium on Network and Distributed System Security},
  year={1998}
}

References http://www.opine.me/blizzards-battle-net-hack/

@Misc{Weir:2009,
  title={Analysis of leaked RockYou's password database (containing 32 million credentials)},
  author={Matt Weir},
  owpublished = "http://reusablesec.blogspot.com/2009/12/rockyou-32-million-password-list-top.html",
  year={2009}
}


@Misc{JtR-community:2009,
  title={John the Ripper benchmarks},
  author={JtR community},
  owpublished = "http://openwall.info/wiki/john/benchmarks",
  year={2009}
}


References ElcomSoft Distributed Password Recovery, http://www.elcomsoft.com/edpr.html

References Ivan Golubev's blog : http://www.golubev.com/blog/?p=94

References https://docs.djangoproject.com/en/1.4/topics/auth/#passwords

References http://www.truecrypt.org/docs/?s=volume-format-specification

References http://www.truecrypt.org/docs/?s=encryption-scheme

# ADD CTO dmg case

References See http://revelation.olasagasti.info/download.php for LUKS implementation in Python.
\endinput
%%
%% End of file `sample.bib'.
